@article{bird1993spectrum,
    title={Evidence for correlated changes in the spectrum and composition of cosmic rays at extremely high energies},
    author={Bird, D.J. and Corbat{\'o}, S.C. and Dai, H.Y. and Dawson, B.R. and Elbert, J.W. and Gaisser, T.K. and Green, K.D. and Huang, M.A. and Kieda, D.B. and Ko, S. and others},
    journal={Physical Review Letters},
    volume={71},
    number={21},
    pages={3401},
    year={1993},
    publisher={APS}
}

@article{greisen1966cutoff,
    title={End to the cosmic-ray spectrum?},
    author={Greisen, Kenneth},
    journal={Physical Review Letters},
    volume={16},
    number={17},
    pages={748},
    year={1966},
    publisher={APS}
}

@article{zatsepin1966cutoff,
    title={Upper limit of the spectrum of cosmic rays},
    author={Zatsepin, Georgi and Kuzmin, Vadem},
    journal={JETP lett.},
    volume={4},
    pages={114--116},
    year={1966}
}

@article{yoshida1998uhecr,
    title={The extremely high energy cosmic rays},
    author={Yoshida, Shigeru and Dai, Hongyue},
    journal={Journal of Physics G: Nuclear and Particle Physics},
    volume={24},
    number={5},
    pages={905},
    year={1998},
    publisher={IOP Publishing}
}

@phdthesis{stratton2012ta,
    title={Measurement of the flux of ultra-high energy cosmic rays by the Telescope Array FADC fluorescence detectors},
    author={Stratton, Sean},
    year={2012},
    school={Rutgers University-Graduate School-New Brunswick}
}

@article{bird1994flyseye,
    title={The cosmic-ray energy spectrum observed by the Fly's Eye},
    author={Bird, D.J. and Corbato, S.C. and Dai, H.Y. and Dawson, B.R. and Elbert, J.W. and Emerson, B.L. and Green, K.D. and Huang, M.A. and Kieda, D.B. and Luo, M. and others},
    journal={The Astrophysical Journal},
    volume={424},
    pages={491--502},
    year={1994}
}

@book{hillas1972cosmic,
    author = {Hillas, A.M.},
    publisher = {Pergamon Press},
    title = {{Cosmic Rays}},
    year = {1972}
}

@article{nerling2006electron,
    title={Universality of electron distributions in high-energy air showersâ€”Description of Cherenkov light production},
    author={Nerling, F. and Bl{\"u}mer, J. and Engel, R. and Risse, M.},
    journal={Astroparticle Physics},
    volume={24},
    number={6},
    pages={421--437},
    year={2006},
    publisher={Elsevier}
}

@book{malacara2004optics,
    author = {Malacara, Daniel},
    booktitle = {Book},
    publisher = {Mercel Dekker},
    title = {{Handbook of Optical Design}},
    year = {2004}
}

@techreport{heck1998corsika,
    title={CORSIKA: A Monte Carlo code to simulate extensive air showers},
    author={Heck, D. and Schatz, G. and Knapp, J. and Thouw, T. and Capdevielle, J.N.},
    year={1998}
}

@article{bird1999anisotropy,
    title={Study of broad-scale anisotropy of cosmic-ray arrival directions from 2 x 1017 to 1020 electron volts from Fly's eye data},
    author={Bird, D.J. and Dai, H.Y. and Dawson, B.R. and Elbert, J.W. and Huang, M.A. and Kieda, D.B. and Ko, S. and Loh, E.C. and Luo, M. and Smith, J.D. and others},
    journal={The Astrophysical Journal},
    volume={511},
    number={2},
    pages={739},
    year={1999},
    publisher={IOP Publishing}
}

@misc{pleijel1936hessnobel,
    author = {Pleijel, H.},
    month = {dec},
    title = {{Nobel Prize in Physics 1936 - Presentation Speech}},
    url = {http://www.nobelprize.org/nobel{\_}prizes/physics/laureates/1936/press.html},
    year = {1936}
}

@article{gaisser1977profile,
    author = {Gaisser, T.K. and Hillas, A.M.},
    journal = {Proceedings of the 15th ICRC},
    pages = {353--357},
    title = {{Reliability of the method of constant intensity cuts for reconstructing the average development of vertical showers}},
    year = {1977}
}

@phdthesis{abuzayyad2000hires,
    title={The energy spectrum of ultra high energy cosmic rays},
    author={AbuZayyad, Tareq Z.},
    year={2000},
    school={The University of Utah}
}

@article{kakimoto1996yield,
    title={A measurement of the air fluorescence yield},
    author={Kakimoto, F. and Loh, E.C. and Nagano, M. and Okuno, H. and Teshima, M. and Ueno, S.},
    journal={Nuclear Instruments and Methods in Physics Research Section A: Accelerators, Spectrometers, Detectors and Associated Equipment},
    volume={372},
    number={3},
    pages={527--533},
    year={1996},
    publisher={Elsevier}
}

@article{kidd1997properties,
    title={Properties of extensive air showers around 10(17) eV},
    author={Kidd, Matthew J.},
    year={1997}
}
